@MVBOOK{Lvo2003,
	author = {Хайкин, Саймон},
	title = {Нейронные сети},
	year = {2016}, 
	language = {russian},
	publisher = {ВИЛЬЯМС},
	location = {М.},
	hyphenation = {russian},
}

@ONLINE{mmcs,
    title = {Хабрахабр}},
    language = {russian},
    hyphenation = {russian},
    url = {https://habrahabr.ru},
    urldate = {2017-04-05},
}
